@article{Jacob_2018,
   title={Quantization and Training of Neural Networks for Efficient Integer-Arithmetic-Only Inference},
   ISBN={9781538664209},
   url={http://dx.doi.org/10.1109/CVPR.2018.00286},
   DOI={10.1109/cvpr.2018.00286},
   journal={2018 IEEE/CVF Conference on Computer Vision and Pattern Recognition},
   publisher={IEEE},
   author={Jacob, Benoit and Kligys, Skirmantas and Chen, Bo and Zhu, Menglong and Tang, Matthew and Howard, Andrew and Adam, Hartwig and Kalenichenko, Dmitry},
   year={2018},
   month={Jun}
}

@misc{xu2020edge,
    title={Edge Intelligence: Architectures, Challenges, and Applications},
    author={Dianlei Xu and Tong Li and Yong Li and Xiang Su and Sasu Tarkoma and Tao Jiang and Jon Crowcroft and Pan Hui},
    year={2020},
    eprint={2003.12172},
    archivePrefix={arXiv},
    primaryClass={cs.NI}
}

@misc{han2015deep,
    title={Deep Compression: Compressing Deep Neural Networks with Pruning, Trained Quantization and Huffman Coding},
    author={Song Han and Huizi Mao and William J. Dally},
    year={2015},
    eprint={1510.00149},
    archivePrefix={arXiv},
    primaryClass={cs.CV}
}

@misc{tflite:intro,
    author    = "Renu Khandelwal",
    title     = "A Basic Introduction to TensorFlow Lite",
    url       = "https://towardsdatascience.com/a-basic-introduction-to-tensorflow-lite-59e480c57292"
}

@misc{tfmot:intro,
    author    = "Google",
    title     = "TensorFlow model optimization",
    url       = "https://www.tensorflow.org/model_optimization/guide"
}


@misc{tfmot:clustering,
    author    = "Google",
    title     = "Weight Clustering",
    url       = "https://www.tensorflow.org/model_optimization/guide/clustering"
}

@misc{tfmot:clustering_blog,
    author    = "Mohamed Nour Abouelseoud and Anton Kachatkou",
    title     = "Weight Clustering API",
    url       = "https://blog.tensorflow.org/2020/08/tensorflow-model-optimization-toolkit-weight-clustering-api.html"
}

@misc{tfmot:quantization_blog,
    author    = "TensorFlow Model Optimization team",
    title     = "Quantization Aware Training with TensorFlow Model Optimization Toolkit - Performance with Accuracy",
    url       = "https://blog.tensorflow.org/2020/04/quantization-aware-training-with-tensorflow-model-optimization-toolkit.html"
}

@misc{tfmot:quantization_post_training,
    author    = "Google",
    title     = "Post-training quantization",
    url       = "https://www.tensorflow.org/model_optimization/guide/quantization/post_training"
}

@misc{tfmot:quantization_training,
    author    = "Google",
    title     = "Quantization aware training",
    url       = "https://www.tensorflow.org/model_optimization/guide/quantization/training"
}

@misc{tfmot:pruning,
    author    = "Google",
    title     = "Trim insignificant weights",
    url       = "https://www.tensorflow.org/model_optimization/guide/pruning"
}
